@misc{what-is-equirectangular,
  author = "Burtey, Nicolas",
  title = "What is equirectangular?",
  month = "octobre",
  year = "2014",
  note = "http://support.video-stitch.com/hc/en-us/articles/203657036-What-is-equirectangular-"
}

@misc{photomerge,
  author = "Kelby, Scott",
  title = "Create panoramic images with Photomerge",
  year = "2010",
  month = "d√©cembre",
  note = "http://helpx.adobe.com/photoshop/using/create-panoramic-images-photomerge.html. License CC BY-NC-SA 3.0"
}

@misc{PTgui,
  author = "New House Internet Services",
  title = "Create high quality panoramic images",
  note = "http://www.ptgui.com/."
}

@misc{RochesterNY,
  author = "By Noso1 at en.wikipedia from Wikimedia Commons",
  title = "File:Rochester NY.jpg",
  note = "commons.wikimedia.org/wiki/File:Rochester\_NY.jpg."
}
